<?xml version="1.0" encoding="UTF-8"?><collection xmlns="http://www.loc.gov/MARC21/slim"><record><leader>00532nam--2200133-i-4500</leader><controlfield tag="001">000046910</controlfield><controlfield tag="002">20161230</controlfield><controlfield tag="005">20161230201046</controlfield><controlfield tag="008">060222s1000------------r-----000-0-eng-d</controlfield><datafield ind1=" " ind2=" " tag="080"><subfield code="a">621.384.6</subfield></datafield><datafield ind1=" " ind2=" " tag="100"><subfield code="a">Warnecke, R.R</subfield></datafield><datafield ind1=" " ind2=" " tag="245"><subfield code="a">Introduction a l`etude des accelerateurs de particules. physique atomique, physique nucleaire, physique des hautes energies a l`usage des ingenieurs. tome i: theories de base et relations fondamentales particules elementaires</subfield></datafield><datafield ind1=" " ind2=" " tag="260"><subfield code="a">Paris, Mason Et C-ie, Editeurs, 1975, Xix+495p</subfield></datafield><datafield ind1=" " ind2=" " tag="852"><subfield code="a">43146</subfield></datafield></record></collection>